@InProceedings{wang:approche:recital13,
  author    = {Zhen Wang},
  title     = {{Une approche mixte morpho-syntaxique et statistique pour la reconnaissance d'entit\'{e}s nomm\'{e}es en langue chinoise}},
  booktitle = {Actes de la 15e Rencontres des \'{E}tudiants Chercheurs en Informatique pour le Traitement Automatique des Langues (RECITAL'2013)},
  year      = {2013},
  address   = {Sables d'Olonne, France},
  pages     = {231--243}
}

@book{DBLP:series/synthesis/2010Nie,
  author    = {Jian-Yun Nie},
  title     = {Cross-Language Information Retrieval},
  booktitle = {Cross-Language Information Retrieval},
  publisher = {Morgan {\&} Claypool Publishers},
  series    = {Synthesis Lectures on Human Language Technologies},
  year      = {2010},
  ee        = {http://dx.doi.org/10.2200/S00266ED1V01Y201005HLT008},
  bibsource = {DBLP, http://dblp.uni-trier.de}
}

@phdthesis{li2006,
  title={{\'E}tude des probl{\`e}mes sp{\'e}cifiques de l'int{\'e}gration du chinois dans un syst{\`e}me de traitement automatique pour les langues europ{\'e}ennes},
  author={Li, Yiping},
  year={2006}
}

@inproceedings{Kishida:2005,
 author = {Kishida, Kazuaki and Kando, Noriko},
 title = {A hybrid approach to query and document translation using a pivot language for cross-language information retrieval},
 booktitle = {Proceedings of the 6th international conference on Cross-Language Evalution Forum: accessing Multilingual Information Repositories},
 series = {CLEF'05},
 year = {2006},
 isbn = {3-540-45697-X, 978-3-540-45697-1},
 location = {Vienna, Austria},
 pages = {93--101},
 numpages = {9},
 url = {http://dx.doi.org/10.1007/11878773_10},
 doi = {10.1007/11878773_10},
 acmid = {2102738},
 publisher = {Springer-Verlag},
 address = {Berlin, Heidelberg},
} 

@article{Pirkola:2001,
 author = {Pirkola, Ari and Hedlund, Turid and Keskustalo, Heikki and J\"{a}rvelin, Kalervo},
 title = {Dictionary-Based Cross-Language Information Retrieval: Problems, Methods, and Research Findings},
 journal = {Inf. Retr.},
 issue_date = {September-December 2001},
 volume = {4},
 number = {3-4},
 month = sep,
 year = {2001},
 issn = {1386-4564},
 pages = {209--230},
 numpages = {22},
 url = {http://dx.doi.org/10.1023/A:1011994105352},
 doi = {10.1023/A:1011994105352},
 acmid = {594028},
 publisher = {Kluwer Academic Publishers},
 address = {Hingham, MA, USA},
 keywords = {cross-language information retrieval, dictionary-based translation, structured queries},
}

@INPROCEEDINGS{Chen00parallelweb,
    author = {Jiang Chen and Jian-yun Nie},
    title = {Parallel Web Text Mining for Cross-Language IR},
    booktitle = {RIAO},
    year = {2000},
    pages = {62--77}
}

@article{Voorhees:2000:OST:342528.342531,
 author = {Voorhees, Ellen M. and Harman, Donna},
 title = {Overview of the sixth text REtrieval conference (TREC-6)},
 journal = {Inf. Process. Manage.},
 issue_date = {Jan. 2000},
 volume = {36},
 number = {1},
 month = jan,
 year = {2000},
 issn = {0306-4573},
 pages = {3--35},
 numpages = {33},
 url = {http://dx.doi.org/10.1016/S0306-4573(99)00043-6},
 doi = {10.1016/S0306-4573(99)00043-6},
 acmid = {342531},
 publisher = {Pergamon Press, Inc.},
 address = {Tarrytown, NY, USA},
} 

@inproceedings{ruiz1999,
  title={CINDOR Conceptual Interlingua Document Retrieval: TREC-8 Evaluation.},
  author={Ruiz, Miguel E and Diekema, Anne and Sheridan, P{\'a}raic},
  booktitle={TREC},
  year={1999}
}

@inproceedings{McCarley:1999,
 author = {McCarley, J. Scott},
 title = {Should we translate the documents or the queries in cross-language information retrieval?},
 booktitle = {Proceedings of the 37th annual meeting of the Association for Computational Linguistics on Computational Linguistics},
 series = {ACL '99},
 year = {1999},
 isbn = {1-55860-609-3},
 location = {College Park, Maryland},
 pages = {208--214},
 numpages = {7},
 url = {http://dx.doi.org/10.3115/1034678.1034716},
 doi = {10.3115/1034678.1034716},
 acmid = {1034716},
 publisher = {Association for Computational Linguistics},
 address = {Stroudsburg, PA, USA},
} 

@inproceedings{DBLP:conf/sigir/PonteC98,
  author    = {Jay M. Ponte and
               W. Bruce Croft},
  title     = {A Language Modeling Approach to Information Retrieval},
  booktitle = {SIGIR},
  year      = {1998},
  pages     = {275-281},
  ee        = {http://doi.acm.org/10.1145/290941.291008},
  crossref  = {DBLP:conf/sigir/98},
  bibsource = {DBLP, http://dblp.uni-trier.de}
}
@proceedings{DBLP:conf/sigir/98,
  title     = {SIGIR '98: Proceedings of the 21st Annual International
               ACM SIGIR Conference on Research and Development in Information
               Retrieval, August 24-28 1998, Melbourne, Australia},
  publisher = {ACM},
  year      = {1998},
  bibsource = {DBLP, http://dblp.uni-trier.de}
}

@inproceedings{oard1997,
  title={Document translation for cross-language text retrieval at the University of Maryland},
  author={Oard, Douglas W and Hackett, Paul G},
  booktitle={Information Technology: The Sixth Text REtrieval Conference (TREC-6)},
  pages={687--696},
  year={1997},
  organization={US Dept. of Commerce, Technology Administration, National Institute of Standards and Technology}
}

@inproceedings{Krovetz:1993,
 author = {Krovetz, Robert},
 title = {Viewing morphology as an inference process},
 booktitle = {Proceedings of the 16th annual international ACM SIGIR conference on Research and development in information retrieval},
 series = {SIGIR '93},
 year = {1993},
 isbn = {0-89791-605-0},
 location = {Pittsburgh, Pennsylvania, USA},
 pages = {191--202},
 numpages = {12},
 url = {http://doi.acm.org/10.1145/160688.160718},
 doi = {10.1145/160688.160718},
 acmid = {160718},
 publisher = {ACM},
 address = {New York, NY, USA},
}

@inproceedings{DBLP:conf/trec/RobertsonWHGL92,
  author    = {Stephen E. Robertson and
               Steve Walker and
               Micheline Hancock-Beaulieu and
               Aarron Gull and
               Marianna Lau},
  title     = {Okapi at TREC},
  booktitle = {TREC},
  year      = {1992},
  pages     = {21-30},
  ee        = {http://trec.nist.gov/pubs/trec1/papers/02.txt},
  bibsource = {DBLP, http://dblp.uni-trier.de}
}

@book{DBLP:books/mg/SaltonG83,
  author    = {Gerard Salton and
               Michael McGill},
  title     = {Introduction to Modern Information Retrieval},
  publisher = {McGraw-Hill Book Company},
  year      = {1984},
  isbn      = {0-07-054484-0},
  bibsource = {DBLP, http://dblp.uni-trier.de}
}

@article{porter1980algorithm,
  title={An algorithm for suffix stripping},
  author={Porter, Martin F},
  journal={Program: electronic library and information systems},
  volume={14},
  number={3},
  pages={130--137},
  year={1980},
  publisher={MCB UP Ltd}
}

@article{robertson1976relevance,
  title={Relevance weighting of search terms},
  author={Robertson, Stephen E and Jones, K Sparck},
  journal={Journal of the American Society for Information science},
  volume={27},
  number={3},
  pages={129--146},
  year={1976},
  publisher={Wiley Online Library}
}

@article{DBLP:journals/cacm/SaltonWY75,
  author    = {Gerard Salton and
               A. Wong and
               C. S. Yang},
  title     = {A Vector Space Model for Automatic Indexing},
  journal   = {Commun. ACM},
  volume    = {18},
  number    = {11},
  year      = {1975},
  pages     = {613-620},
  ee        = {http://doi.acm.org/10.1145/361219.361220},
  bibsource = {DBLP, http://dblp.uni-trier.de}
}

@inproceedings{Salton:1969:APF:990403.990407,
 author = {Salton, G.},
 title = {Automatic processing of foreign language documents},
 booktitle = {Proceedings of the 1969 conference on Computational linguistics},
 series = {COLING '69},
 year = {1969},
 location = {S\&\#229;ng-S\&\#228;by, Sweden},
 pages = {1--28},
 numpages = {28},
 url = {http://dx.doi.org/10.3115/990403.990407},
 doi = {10.3115/990403.990407},
 acmid = {990407},
 publisher = {Association for Computational Linguistics},
 address = {Stroudsburg, PA, USA},
} 

